2816 4506
223 303 263 366 38
660 307 851 361 SATlRARVM

152 496 158 510 ·
221 491 250 542 at
271 488 358 560 pater
380 488 412 542 ut
434 479 530 560 gnati,
552 479 596 541 sic
619 499 675 541 nos
696 479 854 553 dehemus,
878 480 963 541 amici

220 567 245 628 si
268 566 346 646 quod
369 566 407 627 sit
428 565 546 639 vitium,
570 583 632 626 non
655 564 802 626 fastidire:
824 566 995 627 strabonem

219 652 347 731 appellet
367 659 487 730 paetum
508 658 606 729 peter,
631 657 660 710 et
681 650 810 730 pullum,
832 652 908 712 mele
931 669 1037 732 pervus

220 737 244 798 si
267 736 315 797 cui
338 735 415 797 filius
437 743 496 809 est,
520 744 553 796 ut
574 733 724 796 uhcrtivus
745 735 801 796 luit
822 735 893 797 clim

139 825 144 834 '
220 821 376 902 Sisyphum
399 820 480 881 hunc
502 837 605 881 verum
626 819 758 881 distortis
781 820 933 896 cruribus,
958 822 1040 882 illum

219 906 345 968 balbutit
372 923 511 966 scaurum
533 905 630 984 pravis
652 905 758 966 fultum
772 905 855 966 mele
877 906 951 969 telis.

218 992 337 1071 parcius
359 990 407 1051 hic
428 989 512 1050 vivit:
536 990 614 1068 frugi
636 991 759 1052 dicetur.
804 990 923 1071 ineptus

218 1084 247 1137 et
269 1074 424 1136 iactantior
445 1075 493 1136 hic
515 1075 603 1155 paulo
627 1084 686 1137 est:
710 1076 877 1138 concinnus
900 1077 1000 1139 amicis
1092 1102 1097 1111 ‘

216 1160 347 1240 postulat
369 1168 402 1221 ut
423 1159 563 1221 videatur.
607 1169 637 1221 at
659 1168 704 1222 est
725 1162 922 1242 truculentior
944 1170 1032 1241 atque

215 1246 283 1325 plus
306 1263 401 1323 aequo
423 1244 514 1306 liber:
537 1245 661 1326 simplex
683 1247 827 1325 furtisque
848 1245 1000 1309 habeatur.

216 1329 327 1391 caldior
349 1338 407 1406 est,
431 1330 506 1391 acris
529 1331 608 1392 inter
629 1339 813 1393 numeretur.
858 1332 981 1412 opinor,

214 1414 287 1477 haec
309 1433 358 1477 res
380 1423 409 1476 et
430 1415 541 1494 iungit,
564 1416 683 1478 iunctus
705 1423 735 1478 et
757 1424 852 1478 servet
873 1417 991 1480 emices.
1171 1481 1174 1486 ,

144 1542 147 1550 ,
214 1508 244 1561 et
267 1519 323 1561 nos
343 1500 467 1562 virtutes
489 1501 567 1579 ipses
589 1501 764 1563 invertimus
785 1509 874 1580 atque
1261 1512 1291 1561 55

213 1665 327 1718 welches
337 1665 431 1718 llulder
444 1681 608 1734 vorgezogen
618 1668 725 1720 hatuncl
776 1668 823 1720 uie
840 1673 932 1721 scauri
953 1668 1037 1720 huben
1061 1671 1195 1720 ecstantes
1213 1669 1289 1720 tulos.

212 1733 299 1786 Keller
309 1734 473 1801 vertheidigt,
489 1736 578 1788 wurde
591 1736 635 1787 der
647 1736 726 1788 Vater
777 1737 910 1789 tabuere
927 1737 978 1788 wie
995 1729 1081 1788 ὖποκο
1099 1733 1211 1800 guarlus
1230 1737 1291 1799 „be-

212 1802 259 1854 mit
277 1801 335 1854 dem
352 1802 493 1856 liebhuber
515 1804 561 1856 eui
576 1805 633 1856 eine
651 1802 725 1857 Stule
776 1803 948 1872 schunigeud,
980 1754 1132 1856 henschelnu
1161 1810 1287 1857 neunen.“

212 1870 331 1936 gestellt,
362 1871 485 1923 wibrend
508 1871 563 1924 sein
585 1871 725 1926 Verhelten
775 1871 932 1925 Wirkliches
960 1872 1101 1924 Stemmeln
1133 1873 1203 1924 wire
1233 1873 1290 1925 hier

212 1937 279 1990 (loch
291 1938 383 1991 andem
394 1939 442 1991 ist:
461 1954 488 1991 er
500 1940 567 1992 sieht
579 1939 621 1992 die
633 1941 725 1992 Feltlcr
777 1940 903 1995 ‹lurchuus
923 1940 1077 2007 uupessend.
1113 1939 1140 1992 S.
1160 1940 1200 1991 die
1218 1940 1288 1992 treff-

211 2005 257 2058 ‹les
280 2005 381 2059 Sohues
404 2007 456 2059 und
479 2008 654 2075 eutscltuldigt
678 2009 723 2074 sie,
775 2009 844 2061 liche
860 2009 927 2061 Note
945 2007 1084 2076 Bentley's.

208 2075 283 2139 jener
300 2075 334 2128 ist
352 2089 434 2142 gegen
447 2075 484 2128 sle
501 2075 574 2127 blind
586 2076 647 2129 oder
659 2076 724 2129 liebt
810 2075 1096 2143 49.Nutzanwcnduug‚
1106 2075 1288 2129 wiemeutlern

210 2141 724 2278 :tetuli“ttlt‘ltltltrull
776 2161 854 2266 ult
871 2145 1183 2278 ‘ltutlulttltt
1200 2144 1288 2264 llbll

243 2282 286 2332 44.
304 2278 354 2331 Des
373 2251 465 2343 (t'bject
489 2295 520 2331 zu
544 2279 670 2342 fuett'dtre
689 2281 724 2332 ist
774 2279 832 2344 114,
846 2284 892 2332 l'l:
911 2283 957 2347 qui
975 2285 1031 2345 aut,
1051 2286 1153 2348 tempus
1164 2281 1288 2347 quidpo-

210 2348 307 2396 mltum
332 2347 394 2399 oder
435 2362 530 2400 cneuer
553 2351 578 2398 ei
598 2349 671 2414 quod
687 2351 725 2399 rit
774 2348 862 2414 ululet,
879 2364 934 2400 non
952 2349 1026 2400 uidet
1042 2353 1091 2400 aut
1098 2349 1183 2415 plura
1201 2348 1288 2414 lequi-

209 2415 256 2466 uu't.
282 2417 371 2465 amici.
431 2415 492 2466 eber
509 2415 550 2467 (lie
574 2414 658 2467 llurzc
676 2431 724 2467 vor
775 2415 1287 2482 tur-uulsoostentat(iaelantiorv.50)

207 2485 361 2534 strabonem
380 2495 399 2534 s.
419 2480 428 2531 l
446 2485 470 2547 2,
494 2485 534 2535 ³0.
552 2511 586 2521 -
603 2483 740 2535 Absicht-'
773 2491 823 2535 aut
840 2501 939 2550 eurum,
957 2488 1113 2551 quibuscum
1126 2490 1171 2550 est,
1190 2485 1233 2535 uel
1246 2485 1287 2536 di-

208 2547 261 2600 lich
273 2550 330 2601 sind
347 2565 400 2602 nun
415 2564 459 2602 zur
471 2549 651 2617 Bezeichnung
662 2550 721 2602 kur·
771 2556 887 2617 guttulis
895 2553 937 2604 uel
947 2554 1078 2605 commodi
1089 2556 1222 2604 rationem
1230 2569 1287 2605 non

209 2617 336 2700 perlicher
358 2617 506 2670 Gebrechen
529 2617 611 2670 leuter
633 2619 722 2672 solche
773 2623 853 2672 lubet
869 2619 910 2685 (V.
930 2623 972 2686 64)
991 2625 1040 2672 cut
1057 2621 1172 2688 denique
1187 2624 1218 2672 in
1236 2621 1287 2672 alt-

209 2679 666 2805 ονόματαὑποκοῖιστικάςεπὲὴὶι,
680 2687 722 2739 die
774 2705 826 2755 qun
840 2705 941 2755 genere
958 2695 1007 2741 aut
1030 2691 1210 2741 inconcinnus
1232 2691 1287 2755 (tu)

209 2753 432 2819 zuglcichrfimisc
451 2753 651 2820 eEigeunemeu
669 2770 722 2807 we·
773 2763 823 2808 aut
844 2759 946 2810 multus
969 2762 1015 2808 eet.
1050 2756 1083 2809 Es
1107 2759 1141 2809 ist
1158 2758 1223 2822 last,
1247 2757 1286 2810 uls
1396 2789 1397 2816 5

208 2836 261 2873 ren.
296 2823 398 2885 stralo,
416 2825 464 2887 qui
482 2822 595 2873 detortis
610 2828 721 2875 ortucu-
773 2825 845 2877 hitte
862 2825 921 2878 llcr.
940 2825 1011 2877 diese
1029 2823 1112 2877 Stelle
1129 2841 1176 2878 ver
1193 2825 1285 2892 Augen

210 2889 252 2954 lis,
267 2889 377 2955 dicitur,
388 2895 487 3008 ficetur
499 2891 593 2941 leuiter
604 2891 722 2943 declina·
773 2893 875 2959 gehebt.
893 2923 927 2931 —
945 2895 1040 2944 amicis
1063 2893 1135 2946 nicht
1155 2893 1287 2945 unmittel-

210 2960 244 3007 tir
262 2955 356 3025 Pcrph.
411 2973 438 3009 er
455 2957 539 3025 lunge
557 2959 657 3024 schielt,
676 2960 723 3013 der
772 2961 818 3013 ber
835 2977 866 3013 zu
885 2963 1032 3013 conductus
1049 2962 1157 3028 gehcrig
1177 2977 1220 3023 „er
1233 2961 1286 3013 lor-

208 3024 288 3076 Vater
305 3031 384 3078 nenut
406 3026 452 3078 (les
469 3025 586 3079 Bliuzeln
604 3044 628 3079 u.
647 3043 668 3080 s.
686 3044 720 3083 w.
772 3029 828 3081 (lert
846 3031 877 3092 (l)
895 3029 983 3081 seineu
996 3029 1129 3082 Freuudeu
1142 3029 1285 3096 engcnehm

205 3097 288 3161 pactu
306 3093 388 3146 heisst
405 3109 482 3161 scgur
498 3093 585 3147 Venus
601 3094 646 3150 Or.
661 3113 685 3149 e.
697 3113 720 3148 e.
772 3096 1106 3164 (geffilliglzuerscheluem
1117 3119 1122 3160 ;
1135 3097 1285 3150 deslrtlnnte

209 3163 233 3224 2,
247 3164 296 3213 cet
308 3161 334 3214 ll.
352 3164 506 3214 numinibus
528 3164 635 3215 mollire
659 3166 722 3216 lieet
772 3165 975 3231 nichtpostulut,
987 3165 1096 3218 scudem
1103 3169 1287 3232 mussteeupit

208 3231 280 3281 mula
362 3233 481 3297 riperta
502 3236 549 3297 est,
569 3233 668 3284 Veneri
685 3236 720 3283 si-
773 3238 856 3298 (avet)
875 3233 987 3287 heissen.
1015 3233 1158 3286 Vielmehr:
1179 3249 1221 3298 „er
1234 3233 1286 3286 lor-

208 3298 297 3360 metm
312 3301 337 3348 si
353 3300 433 3364 flaua,
450 3299 589 3350 Minervae
601 3306 657 3366 eet,
677 3317 719 3352 wo
773 3301 828 3353 dert
841 3301 889 3364 (uls
901 3301 1121 3367 Freundesrecht)‚
1140 3301 1199 3354 cluss
1212 3303 1284 3354 selue

209 3365 265 3419 Nic.
280 3365 399 3418 Heinsius
411 3367 515 3419 wollte·:
527 3371 553 3418 ri
564 3385 618 3435 qua
627 3372 720 3420 straba
771 3368 886 3420 Freuude
892 3369 937 3420 ihu
943 3370 1283 3434 sfirhtllichhelteu“,wenn

209 3439 256 3500 est,
275 3434 375 3486 Veneri
391 3438 464 3499 stm.,·
481 3439 506 3486 si
522 3453 602 3501 rava,
620 3437 720 3488 Miner-
772 3452 799 3489 er
810 3451 838 3489 es
851 3438 916 3490 auch
928 3438 999 3491 nicht
1011 3439 1057 3500 ἰοῖς
1077 3437 1131 3490 also
1144 3441 1238 3489 amicis
1249 3453 1282 3489 zu

207 3518 265 3554 vae.
770 3505 895 3556 uideatur
912 3522 944 3558 zu
962 3507 1059 3559 zielten.
1222 3545 1224 3550 -

242 3574 284 3623 47.
296 3571 358 3638 Stry
378 3573 428 3622 lut
440 3572 505 3625 uach
517 3572 565 3624 deu
579 3571 664 3624 Schol.
678 3572 718 3624 eiu
805 3575 846 3626 52.
857 3575 918 3640 plus
927 3574 1057 3626 adverbiel
1067 3576 1098 3626 st.
1111 3576 1213 3639 magm·
1225 3580 1283 3626 eut-

208 3637 282 3691 Nclle
295 3638 340 3692 des
369 3640 491 3692 riumvirn
500 3641 635 3704 Antonius,
649 3640 720 3691 nicht
770 3641 1033 3708 sprechcndmultum
1042 3642 1220 3694 domimum.
1249 3641 1286 3696 So

209 3707 307 3759 2Fuss
325 3722 406 3774 suess,
428 3709 494 3760 nach
512 3709 596 3760 seiuer
613 3707 719 3760 Schlau-
769 3709 881 3760 multum
899 3707 990 3772 'facilis
1007 3726 1028 3762 c.
1046 3710 1056 3761 l
1074 3711 1115 3776 25,
1128 3713 1143 3762 6
1156 3725 1214 3764 ue.
1247 3711 1285 3762 Zu

209 3774 264 3826 heit
280 3775 401 3828 benunnt.
419 3805 453 3814 -
472 3778 542 3827 lunc
559 3791 655 3826 uanum
669 3781 718 3826 ccl.
768 3778 883 3844 simplem
901 3778 952 3830 und
971 3781 1002 3831 63
1021 3779 1170 3843 simplicior
1187 3794 1209 3831 s.
1228 3794 1249 3830 c.
1262 3776 1283 3830 ll

209 3855 242 3892 zu
253 3845 373 3894 trennen:
386 3845 457 3894 leuno
466 3843 717 3908 distorti-effultum)
770 3848 794 3912 8,
814 3849 854 3898 14.
873 3846 974 3913 duplex
992 3861 1013 3897 c.
1031 3845 1042 3896 l
1060 3850 1084 3911 6,
1102 3850 1126 3898 l,

210 3911 417 3976 urunturlnech
432 3907 509 3963 itlueu
520 3910 656 3978 gehugen),
674 3928 718 3962 vu·
805 3917 845 3966 63.
864 3915 968 3966 caldior
986 3929 1006 3967 s.
1023 3912 1070 3979 12,
1082 3917 1138 3966 11³.
1166 3914 1216 3966 Zur
1234 3913 1285 3966 Be-

208 3992 271 4027 rum
280 3977 511 4042 balbutit3ebcnso
521 3980 555 4031 im
562 3978 717 4046 Felgeuden.
769 3980 884 4048 deutung
903 3981 955 4048 vgl.
974 3998 995 4036 c.
1013 3981 1044 4034 lll
1062 3985 1102 4046 14,
1120 3984 1161 4036 27.
